 @article {Brown.2000,
     AUTHOR = {Brown, Kenneth S.},
      TITLE = {Semigroups, rings, and {M}arkov chains},
    JOURNAL = {J. Theoret. Probab.},
   FJOURNAL = {Journal of Theoretical Probability},
     VOLUME = {13},
       YEAR = {2000},
     NUMBER = {3},
      PAGES = {871--938},
       ISSN = {0894-9840},
      CODEN = {JTPREO},
    MRCLASS = {60J10 (20M99 60B15)},
   MRNUMBER = {1785534 (2001e:60141)},
        DOI = {10.1023/A:1007822931408},
        URL = {http://dx.doi.org/10.1023/A:1007822931408},
 }

@article {Masuda_Quoos_Steinbert.2015,
    AUTHOR = {Masuda, Ariane M. and Quoos, Luciane and Steinberg, Benjamin},
     TITLE = {Character theory of monoids over an arbitrary field},
   JOURNAL = {J. Algebra},
  FJOURNAL = {Journal of Algebra},
    VOLUME = {431},
      YEAR = {2015},
     PAGES = {107--126},
      ISSN = {0021-8693},
   MRCLASS = {20M30 (20M35)},
  MRNUMBER = {3327543},
MRREVIEWER = {Paula M. Machado Cruz Catarino},
       DOI = {10.1016/j.jalgebra.2015.02.017},
       URL = {https://doi.org/10.1016/j.jalgebra.2015.02.017},
}

@article{Thiery.CartanMatrixMonoid,
  author = {Thiéry, Nicolas M.},
   title = {{C}artan invariant matrices for finite monoids: description and computation using characters},
    year = {2012},
 journal = {DMTCS Proceedings},
   number= {01},
    pages= {887--898},
    note = {FPSAC'12 Nagoya, 12 pages [math.RT]},
     url = {http://www.dmtcs.org/dmtcs-ojs/index.php/proceedings/article/viewArticle/dmAR0178}
}

@article{AyyerSchillingSteinbergThiery.2014.RTrivivalMarkovChains,
  title={Markov chains, R-trivial monoids and representation theory},
  author={Ayyer, Arvind and Schilling, Anne and Steinberg, Benjamin and Thiéry, Nicolas M.},
  journal={International Journal of Algebra and Computation},
  DOI={10.1142/S0218196715400081},
  URL={http://dx.doi.org/10.1142/S0218196715400081},
  note={arXiv:1401.4250},
  year={2014},
  volume={25},
  issue={1n02},
  pages={169-231}
}

@article{AyyerSchillingThiery.2014.SpectralGap,
  title={Spectral gap for random-to-random shuffling on linear extensions },
  author={Ayyer, Arvind and Schilling, Anne and Thiéry, Nicolas M.},
  journal={Experimental Mathematics},
  note={arXiv:1412.7488},
  DOI={http://dx.doi.org/10.1080/10586458.2015.1107868},
  year={2016},
  month={7},
  pages={1-9},
  free_e_print={http://www.tandfonline.com/eprint/ZXbbWH2py6DZb4bUJUNs/full},
}

@book{Pin:Automata,
	title={Mathematical Foundations of Automata Theory},
	author={Pin, Jean-\'Eric},
	url={https://www.irif.fr/~jep/PDF/MPRI/MPRI.pdf},
}


@book{steinberg2016representation,
	title={Representation theory of finite monoids},
	author={Steinberg, Benjamin},
	year={2016},
	publisher={Springer}
}

@inproceedings{KohMuePfe:kbimss17,
  title = {Knowledge-Based Interoperability for Mathematical Software Systems},
  author = {Michael Kohlhase and Dennis M{\"u}ller and Markus Pfeiffer and Florian Rabe and Nicolas Thi{\'e}ry and Victor Vasilyev and Tom Wiesing},
  url = {https://github.com/OpenDreamKit/OpenDreamKit/blob/master/WP6/MACIS17-interop/crc.pdf},
  pages = {195--210},
  crossref = {MACIS17},
  keywords = {conference},
  pubs = {twiesing,mkohlhase,frabe,dmueller,odk,odkWP6,mmt}}

@PROCEEDINGS{MACIS17,
  title = {MACIS 2017},
  year = 2017,
  editor    = {Johannes Bl{\"o}mer and Temur Kutsia and Dimitris Simos},
  number = {10693},
  series = {LNCS},
  publisher = {Springer Verlag},
  booktitle = {MACIS 2017: Seventh International Conference on Mathematical Aspects of Computer and Information Sciences},
  Keywords = {conference}}

 @article {Baba2020,
	AUTHOR = {Charles, Balthazar},
	TITLE = {Low elements and small inversion sets are in bijection in rank 3 Coxeter groups},
	JOURNAL = {Séminaire Lotharingien de Combinatoire},
	YEAR = {2021},
	URL = {http://arxiv.org/abs/2104.03040},
}
	
@article{east2019computing,
	title={Computing finite semigroups},
	author={East, James and Egri-Nagy, Attila and Mitchell, James D and P{\'e}resse, Yann},
	journal={Journal of Symbolic Computation},
	volume={92},
	pages={110--155},
	year={2019},
	publisher={Elsevier}
}

@article{dyer2016small,
	title={Small roots, low elements, and the weak order in Coxeter groups},
	author={Dyer, Matthew and Hohlweg, Christophe},
	journal={Advances in Mathematics},
	volume={301},
	pages={739--784},
	year={2016},
	publisher={Elsevier}
}

@book{karpilovsky1987jacobson,
	title={The Jacobson radical of group algebras},
	author={Karpilovsky, Gregory},
	year={1987},
	publisher={Elsevier}
}